


@inproceedings{szmuk2018successive,
  title={Successive convexification for 6-DoF Mars rocket powered landing with free-final-time},
  author={Szmuk, Michael and Acikmese, Behcet},
  booktitle={2018 AIAA Guidance, Navigation, and Control Conference},
  pages={0617},
  year={2018}
}

@book{boyd2004convex,
  title={Convex optimization},
  author={Boyd, Stephen and Vandenberghe, Lieven},
  year={2004},
  publisher={Cambridge university press}
}


@phdthesis{szmuk2019successive,
  title={Successive Convexification \& High Performance Feedback Control for Agile Flight},
  author={Szmuk, Michael},
  year={2019}
}

@inproceedings{szmuk2017successive,
  title={Successive convexification for mars 6-dof powered descent landing guidance},
  author={Szmuk, Michael and Eren, Utku and Acikmese, Behcet},
  booktitle={AIAA Guidance, Navigation, and Control Conference},
  pages={1500},
  year={2017}
}

@book{sj,
  author={Schaub, Hanspeter and Junkins,John L.},
  year={2018},
  title={Analytical Mechanics of Space Systems},
  publisher={American Institute of Aeronautics and Astronautics, Inc},
  address={Reston, Virginia},
  edition={Fourth},
  keywords={Orbital mechanics; Space vehicles; Control systems; Differentiable dynamical systems; Celestial mechanics},
  isbn={9781624102400;1624102409;},
  language={English},
}


@book{markley2014fundamentals,
  title={Fundamentals of Spacecraft Attitude Determination and Control},
  author={Markley, F Landis and Crassidis, John L},
  volume={33},
  year={2014},
  publisher={Springer}
}


@article{blackmore2010minimum,
  title={Minimum-landing-error powered-descent guidance for Mars landing using convex optimization},
  author={Blackmore, Lars and Acikmese, Behcet and Scharf, Daniel P},
  journal={Journal of guidance, control, and dynamics},
  volume={33},
  number={4},
  pages={1161--1171},
  year={2010}
}

@article{acikmese2007convex,
  title={Convex programming approach to powered descent guidance for mars landing},
  author={Acikmese, Behcet and Ploen, Scott R},
  journal={Journal of Guidance, Control, and Dynamics},
  volume={30},
  number={5},
  pages={1353--1366},
  year={2007}
}



@article{andrle2013geometric,
  title={Geometric integration of quaternions},
  author={Andrle, Michael S and Crassidis, John L},
  journal={Journal of Guidance, Control, and Dynamics},
  volume={36},
  number={6},
  pages={1762--1767},
  year={2013},
  publisher={American Institute of Aeronautics and Astronautics}
}

@article{blackmore2016bridge,
  title={Autonomous Precision Landing of Space Rockets},
  author={Blackmore, Lars},
  journal={Winter Bridge on Frontiers of Engineerin},
  volume={4},
  number={46},
  pages={15-29},
  year={2016},
}




















